@INPROCEEDINGS{2018AGUFMNH42A..07G,
       author = {{Gao}, S. and {Zhang}, J. and {Li}, D. and {Jiang}, H. and {Fang}, N.~Z.},
        title = "{Evaluation of Multi-Radar Multi-Sensor (MRMS) and Stage IV Gauge-adjusted Quantitative Precipitation Estimate (QPE) During Hurricane Harvey}",
     keywords = {1821 Floods, HYDROLOGYDE: 1932 High-performance computing, INFORMATICSDE: 4303 Hydrological, NATURAL HAZARDSDE: 4342 Emergency management, NATURAL HAZARDS},
    booktitle = {AGU Fall Meeting Abstracts},
         year = "2018",
       volume = {2018},
        month = "Dec",
          eid = {NH42A-07},
        pages = {NH42A-07},
       adsurl = {https://ui.adsabs.harvard.edu/abs/2018AGUFMNH42A..07G},
      adsnote = {Provided by the SAO/NASA Astrophysics Data System}
}

